@article{Gillard2014,
author = {Gillard, J. and Knight, V. and Vile, J. and Wilson, R.},
doi = {10.1093/imaman/dpu017},
file = {:Users/vince/Dropbox/Mendeley/2014/2014 - Gillard et al. - Rostering staff at a mathematics support service using a finite-source queueing model.pdf:pdf},
issn = {1471-678X},
journal = {IMA Journal of Management Mathematics},
keywords = {machine interference model,mathematics support service,rostering},
pages = {1--9},
title = {{Rostering staff at a mathematics support service using a finite-source queueing model}},
url = {http://imaman.oxfordjournals.org/cgi/doi/10.1093/imaman/dpu017},
year = {2014}
}

